<?xml version="1.0" encoding="UTF-8"?><collection xmlns="http://www.loc.gov/MARC21/slim"><record><leader>00305nam--2200121-i-4500</leader><controlfield tag="001">000035296</controlfield><controlfield tag="002">20161230</controlfield><controlfield tag="005">20161230201040</controlfield><controlfield tag="008">060222s1000------------r-----000-0-eng-d</controlfield><datafield ind1=" " ind2=" " tag="245"><subfield code="a">Nuclear power technology</subfield></datafield><datafield ind1=" " ind2=" " tag="260"><subfield code="a">London, Oxford University Press, 1963. Xix+355p</subfield></datafield><datafield ind1=" " ind2=" " tag="700"><subfield code="a">Pearson, F.J</subfield></datafield><datafield ind1=" " ind2=" " tag="852"><subfield code="a">19229</subfield></datafield></record></collection>